@article{Veruggio2006,
author = {Veruggio, Gianmarco and Operto, Fiorella},
file = {:home/mpavez/Descargas/006{\_}Veruggio{\_}Operto.pdf:pdf},
journal = {International Review of Information Ethics},
pages = {2--8},
publisher = {International Center for Information Ethics},
title = {{Roboethics: A Bottom-Up Interdisciplinary Discourse in the Field of Applied Ethics in Robotics}},
volume = {6},
year = {2006}
}
@inproceedings{Tenorth2009,
author = {Tenorth, M and Beetz, M},
booktitle = {2009 IEEE/RSJ International Conference on Intelligent Robots and Systems},
doi = {10.1109/IROS.2009.5354602},
issn = {2153-0858},
keywords = {Artificial intelligence,Automatic control,Intelligent robots,Knowledge management,Knowledge representation,Logic,Process design,Robot control,Robotics and automation,Uncertainty,artificial intelligence,autonomous personal robots,description logics,intelligent robots,knowledge processing system,knowledge reasoning,knowledge representation},
month = {oct},
pages = {4261--4266},
title = {{KNOWROB - knowledge processing for autonomous personal robots}},
year = {2009}
}
@article{Kelley2014,
annote = {Sobre importancia del sue{\~{n}}o:

- sue{\~{n}}o como replay
- recordar eventos emocionantes o excitantes del episodio
- recordar est{\'{i}}mulo de algo excitante!
- recordar est{\'{i}}mulos previos, para poder prevenir o potenciar
- recordar est{\'{i}}mulos posteriores para reforzar. 

Entonces!, se requiere almacenar todo y luego postprocesar!
- recordar todo hasta cansarse
- postprocesar para eliminar basura e incertar pistas asociativas.
- abstraer para categorizar simb{\'{o}}licamente el evento (permite retrieval speed up)
- OBS!: se puede unlearn pistas a traves de aprendizaje reforzado. I.e: repetir evento aburrido, pero con mismas pistas... as{\'{i}}, se acostumbra o olvida que algo era malo.

Entonces:
- evento anterior: pista
- evento importante: Se almacena
- evento posterior: refuerzo para eventos futuros
{\textgreater} abstraer todo a nivel declarativo
{\textgreater} convertir a nivel simb{\'{o}}lico},
author = {Kelley, Troy Dale},
doi = {10.1142/S1793843014400149},
file = {:home/mpavez/.local/share/data/Mendeley Ltd./Mendeley Desktop/Downloaded/Kelley - 2014 - Robotic Dreams A Computational Justification for the Post-Hoc Processing of Episodic Memories.pdf:pdf;:home/mpavez/.local/share/data/Mendeley Ltd./Mendeley Desktop/Downloaded/Kelley - 2014 - Robotic Dreams A Computational Justification for the Post-Hoc Processing of Episodic Memories(2).pdf:pdf},
journal = {International Journal of Machine Consciousness},
number = {02},
pages = {109--123},
title = {{Robotic Dreams: A Computational Justification for the Post-Hoc Processing of Episodic Memories}},
volume = {06},
year = {2014}
}
@inproceedings{Sigalas:2017:TLE:3029798.3038307,
address = {New York, NY, USA},
annote = {BASURA DE LA MALA!
BASURA DE LA MALA!
BASURA DE LA MALA!
BASURA DE LA MALA!
BASURA DE LA MALA!},
author = {Sigalas, Markos and Maniadakis, Michail and Trahanias, Panos},
booktitle = {Proceedings of the Companion of the 2017 ACM/IEEE International Conference on Human-Robot Interaction},
doi = {10.1145/3029798.3038307},
file = {:home/mpavez/.local/share/data/Mendeley Ltd./Mendeley Desktop/Downloaded/Sigalas, Maniadakis, Trahanias - 2017 - Time-Aware Long-term Episodic Memory for Recurring HRI.pdf:pdf},
isbn = {978-1-4503-4885-0},
keywords = {HRI,episodic memory,time-awareness},
pages = {287--288},
publisher = {ACM},
series = {HRI '17},
title = {{Time-Aware Long-term Episodic Memory for Recurring HRI}},
url = {http://doi.acm.org/10.1145/3029798.3038307},
year = {2017}
}
@inproceedings{KimMinJoo2016,
annote = {Usa DeepNeural Memory ... 
basura

Podr{\'{i}}a servir como approach alternativo!},
author = {Kim, Min-Joo and Baek, S H and Cho, S H and Kim, J H},
booktitle = {2016 IEEE International Conference on Systems, Man, and Cybernetics (SMC)},
doi = {10.1109/SMC.2016.7844889},
file = {:home/mpavez/.local/share/data/Mendeley Ltd./Mendeley Desktop/Downloaded/Kim et al. - 2016 - Approach to integrate episodic memory into cogency-based behavior planner for robots.pdf:pdf},
keywords = {AI research,ART neural nets,Compounds,Conferences,Planning,Robots,Semantics,Silicon,Subspace constraints,cogency-based hierarchical behavior planner,computational complexity,deep adaptive resonance theory neural model,deep-ART neural model,episodic memory,humanoid robot Mybot,humanoid robots,intelligent robots,learning (artificial intelligence),semantic memory based task planner,task planning,temporal sequence,time complexity},
month = {oct},
pages = {4188--4193},
title = {{Approach to integrate episodic memory into cogency-based behavior planner for robots}},
year = {2016}
}
@book{Guerrero2015a,
abstract = {{\textcopyright} Springer International Publishing Switzerland 2015.The automatic recognition of human emotions is used to support several computing paradigms, like affective, positive and pervasive computing. Histograms of oriented gradients (HOG) have been successfully used with such a purpose, by processing facial images. However, the results of using HOG vary depending on the position of the facial components in the image used as input. This paper presents an extension to the HOGmethod, which was named Landmark-based Histograms of Oriented Gradients (LaHOG), that not only calculates HOG blocks in the whole face, but also in specific positions around selected facial landmarks. In this sense, the new method is more robust than its predecessor. In order to evaluate the capabilities and limitations of this proposal, we used it to recognize emotions in face images from the FACES database. In such a process we used two classification strategies: support vector machines and logistic regression. The results show that the extended method significantly surpasses the performance of HOG in the tested database.},
author = {Guerrero, P. and Pavez, M. and Ch{\'{a}}vez, D. and Ochoa, S.F.},
booktitle = {Lecture Notes in Computer Science (including subseries Lecture Notes in Artificial Intelligence and Lecture Notes in Bioinformatics)},
doi = {10.1007/978-3-319-26410-3_27},
isbn = {9783319264097},
issn = {16113349},
keywords = {Emotion recognition,Emotional computing,Facial recognition,Histograms of oriented gradients,Logistic regression,Pervasive computing,Social robotics,Support vector machines},
title = {{Landmark-based histograms of oriented gradients for facial emotion recognition}},
volume = {9455},
year = {2015}
}
@inproceedings{Kasap2010,
abstract = {In this paper, we address the question of how to create episodic memory based long-term affective inter- actions with a human-like robot. A key challange for long- term interaction is the recall of past important events during conversation.We suggest that episodic memory is a core concept for realizing this intelligence. In this paper, we propose a model of episodic memory and integrate it with a decision making module based on a Hierarchical Task Network (HTN) planner. Plans generated by the HTN planner are executed by a Finite-state-machine (FSM) based dialogue system in order to produce appropriate responses. Finally, we present a prototype implementation demonstrating the preliminary results we obtained.},
annote = {Robot: torso con cara femenina
Goal: Long Term INTERACTION
- s{\'{o}}lo face y speech recognition

EMOTION ENGINE!
HTN: Jierarchical Task Network planner
FSM: Finite State Machine

Planes del HTN se ejecutan por el FSM},
author = {Kasap, Zerrin and Magnenat-Thalmann, Nadia},
booktitle = {Proceedings - IEEE International Workshop on Robot and Human Interactive Communication},
doi = {10.1109/ROMAN.2010.5598644},
file = {:home/mpavez/.local/share/data/Mendeley Ltd./Mendeley Desktop/Downloaded/Kasap, Magnenat-Thalmann - 2010 - Towards episodic memory-based long-term affective interaction with a human-like robot.pdf:pdf},
isbn = {9781424479917},
issn = {1944-9445},
title = {{Towards episodic memory-based long-term affective interaction with a human-like robot}},
year = {2010}
}
@article{Stachowicz2012,
abstract = {The article presents an approach to providing a cognitive robot with a long-term memory of experiences-a memory, inspired by the concept of episodic memory (in humans) or episodic-like memory (in animals), respectively. The memory provides means to store experiences, integrate them into more abstract constructs, and recall such content. The paper presents an analysis of key characteristics of natural episodic memory systems. Based on this analysis, conceptual and technical requirements for an episodic-like memory for cognitive robots are specified. The paper provides a formal design that meets these requirements, and discusses its full implementation in a cognitive architecture for mobile robots. It reports results of simulation experiments which show that the approach can run efficiently in robot applications involving several hours of experience.},
annote = {Busca crear LTM en robots.

UTIL!!

- an{\'{a}}lisis de memoria y partes
- analisis de Episodic LTM ya existentes
- 11 requerimientos de E LTM
- implementaci{\'{o}}n y pruebas},
author = {Stachowicz, Dennis and Kruijff, Geert Jan M},
doi = {10.1109/TAMD.2011.2159004},
file = {:home/mpavez/.local/share/data/Mendeley Ltd./Mendeley Desktop/Downloaded/Stachowicz, Kruijff - 2012 - Episodic-like memory for cognitive robots.pdf:pdf},
isbn = {1943-0604},
issn = {19430604},
journal = {IEEE Transactions on Autonomous Mental Development},
keywords = {Cognitive robot,episodic-like memory,event structure,experience,human-robot interaction,long-term memory},
title = {{Episodic-like memory for cognitive robots}},
year = {2012}
}
@misc{aiml,
annote = {[Acceso: 26-Abril-2017]},
howpublished = {$\backslash$url{\{}http://www.alicebot.org/aiml.html{\}}},
title = {{AIML: Artificial Intelligence Markup Language}}
}
@article{Tenorth2013,
abstract = {Autonomous service robots will have to understand vaguely described tasks, such as “set the table” or “clean up”. Performing such tasks as intended requires robots to fully, precisely, and appropriately parameterize their low-level control programs. We propose knowledge processing as a computational resource for enabling robots to bridge the gap between vague task descriptions and the detailed information needed to actually perform those tasks in the intended way. In this article, we introduce the KnowRobknowledge processing system that is specifically designed to provide autonomous robots with the knowledge needed for performing everyday manipulation tasks. The system allows the realization of “virtual knowledge bases”: collections of knowledge pieces that are not explicitly represented but computed on demand from the robot's internal data structures, its perception system, or external sources of information. This article gives an overview of the different kinds of knowledge, the different inference mech...},
author = {Tenorth, Moritz and Beetz, Michael},
doi = {10.1177/0278364913481635},
file = {:home/mpavez/.local/share/data/Mendeley Ltd./Mendeley Desktop/Downloaded/Tenorth, Beetz - 2013 - KnowRob A knowledge processing infrastructure for cognition-enabled robots.pdf:pdf},
issn = {0278-3649},
journal = {The International Journal of Robotics Research},
keywords = {grounded reasoning methods,knowledge bases for robots,knowledge representation},
month = {apr},
number = {5},
pages = {566--590},
publisher = {SAGE PublicationsSage UK: London, England},
title = {{KnowRob: A knowledge processing infrastructure for cognition-enabled robots}},
volume = {32},
year = {2013}
}
@misc{Hevia,
author = {Hevia, Pablo},
title = {{IMPLEMENTACION DE MIDDLEWARE ROS PARA ROBOT DE SERVICIO}}
}
@phdthesis{Silva2016,
author = {Silva, Cristobal},
file = {:home/mpavez/.local/share/data/Mendeley Ltd./Mendeley Desktop/Downloaded/Silva - 2016 - MODELAMIENTO SEM{\'{A}}NTICO DEL ENTORNO DE UN ROBOT UTILIZANDO INFORMACI{\'{O}}N RGB-D.pdf:pdf},
school = {Universidad de Chile},
title = {{MODELAMIENTO SEM{\'{A}}NTICO DEL ENTORNO DE UN ROBOT UTILIZANDO INFORMACI{\'{O}}N RGB-D}},
year = {2016}
}
@article{Alon2016,
author = {Alon, Ian},
file = {:home/mpavez/.local/share/data/Mendeley Ltd./Mendeley Desktop/Downloaded/Alon - 2016 - Algoritmo para Manipulacion de Objetos en un Robot PR2.pdf:pdf},
title = {{Algoritmo para Manipulacion de Objetos en un Robot PR2}},
year = {2016}
}
@article{Sanchez:2015,
annote = {Propone un framework para LTM episodica y semantica
- muy acotado

Felix Meyer
==================================
- qu{\'{e}} almacenar en cada frame
- qu{\'{e}} tan seguido?: context model

Context Model:
- Estado actual del mundo: lista de cosas conocidas y su estado (pos, time)
- Permite notar cambios y actualizar el modelo
- Es s{\'{o}}lo epis{\'{o}}dico, no sem{\'{a}}ntico: objeto + lugar + datetime + state. Contiene estado m{\'{a}}s reciente, no su representaci{\'{o}}n!!.

Se requiere medida de cambio!. Dependiente a cada entidad.

Otros:
- almacenar subeventos (interrupciones internas o externas): updates, bater{\'{i}}a baja, tareas prioritarias...
- mantener modelo del ambiente al final de un behavior, para utilizarlo como entrada del siguiente.

Aplicaciones:
- si hay tiempo libre, entonces buscar cosas que hacer (difiernen del context.)},
author = {S{\'{a}}nchez, Mar{\'{i}}a Loreto and Correa, Mauricio and Mart{\'{i}}nez, Luz and Ruiz-Del-Solar, Javier},
doi = {10.1007/978-3-319-29339-4_22},
file = {:home/mpavez/.local/share/data/Mendeley Ltd./Mendeley Desktop/Downloaded/S{\'{a}}nchez et al. - 2015 - An episodic long-term memory for robots The bender case(2).pdf:pdf;:home/mpavez/.local/share/data/Mendeley Ltd./Mendeley Desktop/Downloaded/S{\'{a}}nchez et al. - 2015 - An episodic long-term memory for robots The bender case(3).pdf:pdf;:home/mpavez/.local/share/data/Mendeley Ltd./Mendeley Desktop/Downloaded/S{\'{a}}nchez et al. - 2015 - An episodic long-term memory for robots The bender case(4).pdf:pdf},
isbn = {9783319293387},
issn = {16113349},
journal = {Lecture Notes in Computer Science (including subseries Lecture Notes in Artificial Intelligence and Lecture Notes in Bioinformatics)},
keywords = {Episodic memory,Human-robot interaction,RoboCup@Home,Service robots},
pages = {264--275},
title = {{An episodic long-term memory for robots: The bender case}},
volume = {9513},
year = {2015}
}
@article{Dodd2005,
abstract = {The design and creation of an episodic memory system for a cognitive robot is detailed. This memory system is interfaced with a machine emotion system with the goal of producing intelligent behaviors in a cognitive humanoid robot. The design of the system is tested and analyzed through the explanation of a case in which emotion assists in the retrieval of an episode.},
annote = {ISAC Framwework
ISAC: Intelligent Soft Arm Control


Propone modular ELTM con EmLTM. Adem[as ajusta el decaimiento de memorias seg[un su importancia

Usa:
- Emotional , LTM, Episodic
- Modelo probabil{\'{i}}stico para recordar y decaimiento

Importante:
- modelo para emociones. mapping entre eventos --{\textgreater} emociones --{\textgreater} reacci{\'{o}}n.

Definici{\'{o}}n de episodio.},
author = {Dodd, Will and Gutierrez, Ridelto},
doi = {10.1109/ROMAN.2005.1513860},
file = {:home/mpavez/.local/share/data/Mendeley Ltd./Mendeley Desktop/Downloaded/Dodd, Gutierrez - 2005 - The role of episodic memory and emotion in a cognitive robot.pdf:pdf},
isbn = {0780392752},
journal = {Proceedings - IEEE International Workshop on Robot and Human Interactive Communication},
keywords = {Cognitive agent,Cognitive robot,Episodic memory,Working memory},
pages = {692--697},
title = {{The role of episodic memory and emotion in a cognitive robot}},
volume = {2005},
year = {2005}
}
@phdthesis{Vijayakumar2014,
annote = {- No ROS
- Usa RFD (subset de OWL)
- Mucho Blabl{\'{a}} y revisiones que podr{\'{i}}an ser {\'{u}}tiles},
author = {Vijayakumar, Soniya},
file = {:home/mpavez/.local/share/data/Mendeley Ltd./Mendeley Desktop/Downloaded/Vijayakumar - 2014 - Long-Term Memory in Cognitive Robots(2).pdf:pdf},
school = {Universitaet des Saarlandes},
title = {{Long-Term Memory in Cognitive Robots}},
year = {2014}
}
@online{IFR,
file = {:home/mpavez/.local/share/data/Mendeley Ltd./Mendeley Desktop/Downloaded/Unknown - Unknown - {\{}IFR{\}}, {\{}I{\}}nternational {\{}F{\}}ederation of {\{}R{\}}obotics.pdf:pdf},
title = {{IFR, International Federation of Robotics}},
url = {https://ifr.org/},
urldate = {2017-04-24}
}
@misc{robocup:rulebook_2017,
author = {van Beek, Loy and Chen, Kai and Holz, Dirk and Sanchez, Loreto and Matamoros, Mauricio and Nagano, Hideoki and Rascon, Caleb and de Souza, Josemar Rodrigues and Rudinac, Maja and Wachsmuth, Sven},
howpublished = {$\backslash$url{\{}http://www.robocupathome.org/rules/2017{\_}rulebook.pdf{\}}},
title = {{RoboCup@Home 2017: Rules and Regulations}},
year = {2017}
}
@inproceedings{ROS:2009,
abstract = {This paper gives an overview of ROS, an open- source robot operating system. ROS is not an operating system in the traditional sense of process management and scheduling; rather, it provides a structured communications layer above the host operating systems of a heterogenous compute cluster. In this paper, we discuss how ROS relates to existing robot software frameworks, and briefly overview some of the available application software which uses ROS},
archivePrefix = {arXiv},
arxivId = {1106.4561},
author = {Quigley, Morgan and Conley, Ken and Gerkey, Brian and Faust, Josh and Foote, Tully and Leibs, Jeremy and Berger, Eric and Wheeler, Rob and Mg, Andrew},
booktitle = {Icra},
doi = {http://www.willowgarage.com/papers/ros-open-source-robot-operating-system},
eprint = {1106.4561},
isbn = {0165-022X (Print)$\backslash$r0165-022X (Linking)},
issn = {0165-022X},
pages = {5},
pmid = {8844323},
title = {{ROS: an open-source Robot Operating System}},
volume = {3},
year = {2009}
}
@online{uchile-robotics,
title = {{UChile Robotics}},
url = {http://robotica-uchile.amtc.cl/},
urldate = {2017-04-24}
}
@article{Eichenbaum:2008,
annote = {revision {\#}137659},
author = {Eichenbaum, H},
doi = {10.4249/scholarpedia.1747},
journal = {Scholarpedia},
number = {3},
pages = {1747},
title = {{Memory}},
volume = {3},
year = {2008}
}
@online{softbank,
title = {{SoftBank Robotics}},
url = {http://www.softbank.jp/en/robot/},
urldate = {2017-04-24}
}
@article{Winkler2014,
abstract = {Agents that learn from experience can profit immensely from memorizing what they have done, why, how, and what happened. For autonomous robots performing complex manipulation tasks, these memories include low level data, such as perceptual snapshots of relevant scenes that influ- enced decision making, detailed complex motions the robot performed, and effects of these mo- tions. They also include high level representations of the intended actions and the belief-dependent descisions that led to the chosen course of action. In this paper, we propose CRAMm, a memory management system that can record very comprehensive and informative memories without slow- ing down the operation of the robot. CRAMm offers a query interface that allows the robot to retrieve the kinds of information stated above. This is done using a first-order logical language that provides predicates concerning the beliefs and intentions of the robot, its physical state, perceptual information, and action effects and their relations at various different levels of abstraction.},
annote = {MEMORIA PROCEDURAL e inferencia!
- considera intenciones, estado actual y estimado
- almacena memorias "sin afectar el funcionamiento del robot"

- Proyecto desarrollado en conjunto y basado en knowrob
- KnowRob para almacenar planes simb{\'{o}}licos
- MongoDB para streams de datos.

Permite queries interesantes sobre tareas:
- por qu{\'{e}} se realiz{\'{o}} cierta acci{\'{o}}n
- duraci{\'{o}}n promedio de una accion
- tareas que fallan seg{\'{u}}n tipo y probabilidad de falla
- relaciones espaciales},
author = {Winkler, Jan and Tenorth, Moritz and Bozcuoglu, Asil Kaan and Beetz, Michael},
file = {:home/mpavez/.local/share/data/Mendeley Ltd./Mendeley Desktop/Downloaded/Winkler et al. - 2014 - CRAMm - Memories for Robots Performing Everyday Manipulation Activities.pdf:pdf},
journal = {Advances in Cognitive Systems},
pages = {47--66},
title = {{CRAMm - Memories for Robots Performing Everyday Manipulation Activities}},
volume = {3},
year = {2014}
}
@article{Salgado2012,
annote = {Meh!
- simulado en AIBO
- memoria procedural
- sobre como la memoria ayuda a mejorar desempe{\~{n}}o de taras},
author = {Salgado, R. and Bellas, F. and Caamano, P. and Santos-Diez, B. and Duro, R. J.},
doi = {10.1109/EAIS.2012.6232805},
file = {:home/mpavez/.local/share/data/Mendeley Ltd./Mendeley Desktop/Downloaded/Salgado et al. - 2012 - A procedural Long Term Memory for cognitive robotics.pdf:pdf},
isbn = {978-1-4673-1727-6},
journal = {2012 IEEE Conference on Evolving and Adaptive Intelligent Systems},
keywords = {-adaptive learning,although it is possible,cognitive robotics,computation,dynamic environments,evolutionary,experience,patterns is clearly improved,the retention of learned,to learn without explicitly,using previous},
pages = {57--62},
title = {{A procedural Long Term Memory for cognitive robotics}},
year = {2012}
}
@article{Jockel2008,
abstract = {Different disciplines such as psychology and neuroscience have been examining episodic memory (also referred to as declarative memory) for more than three decades. Now, engineering and computer science are developing an increasing interest in episodic memory for artificial systems. We propose a novel framework EPIROMEto develop and investigate high-level episodic memory mechanisms which can be used to model and compare episodic memories of high-level events for technical systems.We demonstrate how we applied the framework to the domain of service robotics. High-level events emanate from basic skills, elementary operations, sequences of elementary operations, environmental changes and the detection of human interactions. The framework enables our service robot TASER to collect autobiographical memories to improve action planning based on past experiences. The framework provides the robot with a life-long memory since past experiences can be stored and reloaded. In practise, one main advantage of our episodic memory is that it provides one-shot learning capabilities to our robot. This reduces the disadvantage of other learning strategies where learning takes too long when used with a real robot system in natural environments and therefore is not feasible.},
annote = {Framework EPIROME
- para comparaci{\'{o}}n de EpM
- orientado a service robotics
- framework no disponible.

Ideas:
- aprovechar ROS y actionlib para conocer episodios y goals actuales del robot.},
author = {Jockel, Sascha and Weser, Martin},
file = {:home/mpavez/.local/share/data/Mendeley Ltd./Mendeley Desktop/Downloaded/Jockel, Weser - 2008 - Towards an episodic memory for cognitive robots.pdf:pdf},
journal = {European Conference on Artificial Intelligence},
pages = {68--74},
title = {{Towards an episodic memory for cognitive robots}},
year = {2008}
}

@INPROCEEDINGS{Ho2009,
annote = {Modelo de memoria multirobot
. qu{\'{e}} recordar? NO QUEDA CLARO
. c{\'{o}}mo generalizar a otros robots?},
author={W. C. Ho and K. Dautenhahn and M. Y. Lim and P. A. Vargas and R. Aylett and S. Enz},
file = {:home/mpavez/.local/share/data/Mendeley Ltd./Mendeley Desktop/Downloaded/Ho et al. - 2009 - An Initial Memory Model for Virtual and Robot Companions Supporting Migration and Long-term Interaction.pdf:pdf},
booktitle={RO-MAN 2009 - The 18th IEEE International Symposium on Robot and Human Interactive Communication},
title={An initial memory model for virtual and robot companions supporting migration and long-term interaction},
year={2009},
volume={},
number={},
pages={277-284},
keywords={artificial intelligence;human-robot interaction;long-term artificial companion;memory model;robot platform;virtual platform;Artificial intelligence;Cognitive robotics;Competitive intelligence;Context modeling;Delay;Grounding;Hardware;History;Human robot interaction;Robot sensing systems},
doi={10.1109/ROMAN.2009.5326204},
ISSN={1944-9445},
month={Sept},}


@INPROCEEDINGS{Deutsch2008,
abstract = {Knowledge about already experienced situations improves the quality of decision making. The outcomes of decisions in the past can be evaluated and used as a feedback mechanism. This enables the decision making unit is able to learn from past situations. In neuro-psychanalysis, this kind of data storage is called episodic memory. This work describes an episodic memory architecture derived from theories from psychology and neuropsychoanalysis. The intended applications for this architecture are autonomous agents and building automation systems. The results of the simulation with the autonomous agents have shown that agents with the episodic memory adapt faster to new situations than memory-less agents.},
annote = {Uso de LTM Episodica.

REVISAR MODELO PROPUESTO

Lo que sirve:
- definiciones de memoria
- definiciones de procesos cognitivos

No tiene:
- memoria emocional ni semantica.

Probado en simulaci{\'{o}}n. No robots. Dif{\'{i}}cil de aplicar.

Agentes se adaptan m{\'{a}}s r{\'{a}}pido a nuevas decisiones.

Usa framework ARS-PC. Mapeo de datos a s{\'{i}}mbolos.
Control mediante necesidades: B{\'{a}}sicas, sociales},
author={T. Deutsch and A. Gruber and R. Lang and R. Velik},
booktitle={2008 Conference on Human System Interactions},
file = {:home/mpavez/.local/share/data/Mendeley Ltd./Mendeley Desktop/Downloaded/Deutsch et al. - 2008 - Episodic Memory for Autonomous Agents.pdf:pdf},
title={Episodic memory for autonomous agents},
year={2008},
volume={},
number={},
pages={621-626},
keywords={memory architecture;multi-agent systems;neural nets;neurophysiology;psychology;storage management;automation systems;autonomous agents;data storage;decision making;episodic memory architecture;feedback mechanism;memory-less agents;neuro-psychanalysis;psychology;Automation;Autonomous agents;Brain modeling;Buildings;Decision making;Heating;Humans;Nervous system;Psychology;Tactile sensors;Autonomous Agents;Decision Making;Episodic Memory},
doi={10.1109/HSI.2008.4581512},
ISSN={2158-2246},
month={May},
}


@article{Spexard2008,
annote = {BASURA.

NADA RELACIONADO!},
author = {Spexard, Thorsten Peter and Siepmann, Frederic H K and Sagerer, Gerhard},
doi = {10.3233/978-1-58603-887-8-49},
file = {:home/mpavez/.local/share/data/Mendeley Ltd./Mendeley Desktop/Downloaded/Spexard, Siepmann, Sagerer - 2008 - Memory-based Software Integration for Development in Autonomous Robotics.pdf:pdf},
isbn = {9781586038878},
journal = {Intelligent Autonomous Systems 10},
keywords = {autonomous robotics,cognitive architecture,human-robot interaction},
pages = {49--53},
title = {{Memory-based Software Integration for Development in Autonomous Robotics}},
year = {2008}
}
@article{Pratama2014,
annote = {BASURA!

Dicen que ocupan noci{\'{o}}n de CONTEXTO para conectar PM, SM y EM. Pero es puro blabla y nada real.},
author = {Pratama, Ferdian and Mastrogiovanni, Fulvio and Chong, Nak Young},
file = {:home/mpavez/.local/share/data/Mendeley Ltd./Mendeley Desktop/Downloaded/Pratama, Mastrogiovanni, Chong - Unknown - A Memory-based Robot Architecture based on Contextual Information.pdf:pdf},
pages = {15--17},
title = {{A Memory-based Robot Architecture based on Contextual Information}},
year = {2014}
}
