
@ARTICLE{Eichenbaum:2008,
	AUTHOR = {Eichenbaum, H. },
	TITLE   = {{M}emory},
	YEAR    = {2008},
	JOURNAL = {Scholarpedia},
	VOLUME  = {3},
	NUMBER  = {3},
	PAGES   = {1747},
	DOI     = {10.4249/scholarpedia.1747},
	NOTE    = {revision \#137659}
}


@article{Sanchez:2015,
author = {S{\'{a}}nchez, Mar{\'{i}}a Loreto and Correa, Mauricio and Mart{\'{i}}nez, Luz and Ruiz-Del-Solar, Javier},
doi = {10.1007/978-3-319-29339-4_22},
isbn = {9783319293387},
issn = {16113349},
journal = {Lecture Notes in Computer Science (including subseries Lecture Notes in Artificial Intelligence and Lecture Notes in Bioinformatics)},
keywords = {Episodic memory,Human-robot interaction,RoboCup@Home,Service robots},
pages = {264--275},
title = {{An episodic long-term memory for robots: The bender case}},
volume = {9513},
year = {2015}
}

@inproceedings{ROS:2009,
    author = {Quigley, Morgan and Conley, Ken and Gerkey, Brian and Faust, Josh and Foote, Tully B. and Leibs, Jeremy and Wheeler, Rob and Ng, Andrew Y.},
    booktitle = {ICRA Workshop on Open Source Software},
    posted-at = {2011-01-31 09:52:15},
    priority = {2},
    title = {{ROS}: an open-source Robot Operating System},
    year = {2009}
}

@online{IFR,
  title = {{IFR}, {I}nternational {F}ederation of {R}obotics},
  url = {https://ifr.org/},
  urldate = {2017-04-24}
}

@online{uchile-robotics,
  title = {{UC}hile {R}obotics},
  url = {http://robotica-uchile.amtc.cl/},
  urldate = {2017-04-24}
}


@online{softbank,
  title = {{S}oft{B}ank {R}obotics},
  url = {http://www.softbank.jp/en/robot/},
  urldate = {2017-04-24}
}

@misc{robocup:rulebook_2017,
	author =  {Loy van Beek AND Kai Chen AND Dirk Holz AND Loreto Martinez Luz Sanchez AND Mauricio Matamoros AND Hideoki Nagano AND Caleb Rascon AND Josemar Rodrigues de Souza AND Maja Rudinac AND Sven Wachsmuth},
	title =        {RoboCup@Home 2017: Rules and Regulations},
	year =         2017,
	howpublished = {\url{http://www.robocupathome.org/rules/2017_rulebook.pdf}},
}